@book{gilmore_2008,
title="Practical Gamma-ray Spectrometry â€“ 2nd Edition",
publisher="Wiley",
author="Gilmore, Gordon R.",
year="2008"
}

%@article{metodo_tc,
%author = {Murase, S. and Itoh, K. and Wada, H. and Noto, K. and Kimura, Y. and Tanaka, Yoshiya and Osamura, Kozo},
%year = {2001},
%month = {08},
%pages = {1197-1200},
%title = {Critical temperature measurement method of composite superconductor},
%volume = {357-360},
%journal = {Physica C: Superconductivity},
%doi = {10.1016/S0921-4534(01)00483-X} 
%}